@Manual{mpi1,
  author =       {{Message Passing Interface Forum}},
  title = 	 {{MPI}: A Message Passing Interface Standard},
  note = 	 {http://www.mpi-forum.org/},
  month =        {June},
  year =         {1995}
}

@Manual{mpi2,
  author =       {{Message Passing Interface Forum}},
  title = 	 {{MPI-2}: Extensions to the Message Passing Interface},
  note = 	 {http://www.mpi-forum.org/},
  month =	 {July},
  year =	 1997
}
